% Abbreviations for some of our favorite conference.

@string{EuroSP="IEEE European Symposium on Security and Privacy"}
@string{NorCalSP="IEEE Symposium on Security and Privacy"}
@string{CCS="ACM Conference on Computer and Communications Security"}
@string{USEC="USENIX Security Symposium"}
@string{NDSS = "Network and Distributed System Security"}
@string{PETS = "Privacy Enhancing Technologies Symposium"}

@article{burns2010snakes,
  title={{FAQ}: The ``Snake Fight'' Portion of your Thesis Defense},
  author={Luke Burns},
  journal={McSweeney's},
  url = {https://www.mcsweeneys.net/articles/faq-the-snake-fight-portion-of-your-thesis-defense},
  month={Nov},
  year={2010}
}

@inproceedings{fang2022costco,
  title = {{CostCO}: An automatic cost modeling framework for secure multi-party computation},
  author = {Vivian Fang and Lloyd Brown and William Lin and  Wenting Zheng and Aurojit Panda and Raluca Ada Popa},
  booktitle = EuroSP,
  year = 2022,
  url = {https://eprint.iacr.org/2022/332}}
  
@inproceedings{ahmadian2022dynamic,
   title = {Dynamic Policies Revisited}, 
   author = {Amir M. Ahmadian and Musard Balliu},
   booktitle = EuroSP,
   year = 2022,
   url = {http://urn.kb.se/resolve?urn=urn:nbn:se:kth:diva-309603}}
   
@article{katsnelson2021colour,
   title = {Colour me better: fixing figures for colour blindness},
   author = {Alla Katsnelson},
   journal = {Nature},
   year = {2021},
   month = {Oct},
   url = {https://www.nature.com/articles/d41586-021-02696-z}}